<record><leader>00000cas a22000007a 4500</leader><controlfield tag="001">21369874</controlfield><controlfield tag="008">900413d19391969couwr ne      0    0eng d</controlfield><datafield ind1=" " ind2=" " tag="010"><subfield code="a">sn 90051244 </subfield></datafield><datafield ind1=" " ind2=" " tag="040"><subfield code="a">CNQ</subfield><subfield code="b">eng</subfield><subfield code="c">CNQ</subfield><subfield code="d">OCLCQ</subfield></datafield><datafield ind1=" " ind2=" " tag="042"><subfield code="a">msc</subfield></datafield><datafield ind1="0" ind2="4" tag="245"><subfield code="a">The Ouray County herald.</subfield></datafield><datafield ind1="3" ind2="0" tag="246"><subfield code="a">Ouray County herald Ouray Ridgeway</subfield></datafield><datafield ind1=" " ind2=" " tag="260"><subfield code="a">Ouray, Ouray County, Colo. :</subfield><subfield code="b">C.R. Spencer</subfield></datafield><datafield ind1=" " ind2=" " tag="300"><subfield code="a">v.</subfield></datafield><datafield ind1=" " ind2=" " tag="310"><subfield code="a">Weekly</subfield></datafield><datafield ind1="0" ind2=" " tag="362"><subfield code="a">Vol. 57, no. 29 (July 28, 1939)-v. 81, no. 18 (May 1, 1969).</subfield></datafield><datafield ind1=" " ind2=" " tag="530"><subfield code="a">Available on microfilm from the Colorado Historical Society.</subfield></datafield><datafield ind1=" " ind2=" " tag="752"><subfield code="a">United States</subfield><subfield code="b">Colorado</subfield><subfield code="c">Ouray</subfield><subfield code="d">Ouray.</subfield></datafield><datafield ind1="0" ind2="0" tag="780"><subfield code="t">Ouray herald (Ouray, Colo. : 1936)</subfield><subfield code="w">(DLC)sn 90051243</subfield></datafield><datafield ind1="0" ind2="0" tag="785"><subfield code="t">Ouray County plaindealer and Ouray herald</subfield><subfield code="w">(DLC)sn 90051245</subfield></datafield></record>